@Manual{R-knitr,
  title = {knitr: A General-Purpose Package for Dynamic Report
    Generation in R},
  author = {Yihui Xie},
  year = {2018},
  note = {R package version 1.21},
  url = {https://CRAN.R-project.org/package=knitr},
}
@Manual{R-stringr,
  title = {stringr: Simple, Consistent Wrappers for Common
    String Operations},
  author = {Hadley Wickham},
  year = {2019},
  note = {R package version 1.4.0},
  url = {https://CRAN.R-project.org/package=stringr},
}
